@misc{gershgorn2018ai,
  title={AI is the new space race: Here's what the biggest countries are doing},
  author={Gershgorn, D},
  year={2018},
  publisher={Quartz},
  url={https://qz.com/1264673/}
}

@article{mozur2017china,
  title={Is China Outsmarting America in AI?},
  author={Mozur, Paul and Markoff, John},
  journal={New York Times},
  volume={27},
  year={2017},
  url={https://nyti.ms/2r8aHFZ}
}

@article{miller2019government,
  title={Government Artificial Intelligence Readiness 
Index 2019},
  author={Miller, Hannah and Stirling, Richard},
  journal={Oxford Insights},
  publisher={International Development Research Centre},
  year={2019},
  url={https://ai4d.ai/index2019/}
}

@article{martinho2018mexico,
  title={Mexico leads Latin America as one of the first ten countries in the world to launch an artificial intelligence strategy},
  author={Martinho-Truswell, Emma and Gomez Mont, Constanza},
  journal={Oxford Insights},
  year={2018},
  url={https://www.oxfordinsights.com/insights/2018/5/24/mexico-leads-latin-america-as-one-of-the-first-ten-countries-in-the-world-to-launch-an-artificial-intelligence-strategy}
}

@misc{uruguay2019inteligencia,
  title={Inteligencia Artificial para el Gobierno Digital: Consulta p√∫blica},
  author={Participacion Ciudadana},
  year={2019},
  publisher={Gobierno de Uruguay},
  url={https://www.gub.uy/participacionciudadana/consultapublica}
}

@misc{uruguay2019agenda,
  title={Agenda Uruguay Digital 2020: Transformacion con equidad},
  author={Uruguay Digital},
  year={2019},
  publisher={Presidencia de la Republica Oriental del Uruguay},
  url={https://www.agesic.gub.uy/innovaportal/file/7696/1/agenda-uruguay-digital-act-propuesta-2019-ajustada.pdf}
}